<?xml version="1.0" encoding="UTF-8"?><record xmlns="http://www.loc.gov/MARC21/slim" xmlns:cinclude="http://apache.org/cocoon/include/1.0" xmlns:zs="http://www.loc.gov/zing/srw/">
  <leader>00427nz  a2200133n  4500</leader>
  <controlfield tag="001">nb2005019532</controlfield>
  <controlfield tag="003">DLC</controlfield>
  <controlfield tag="005">20051209050647.0</controlfield>
  <controlfield tag="008">051208n| acannaabn          |n aaa      </controlfield>
  <datafield tag="010" ind1=" " ind2=" ">
    <subfield code="a">nb2005019532</subfield>
  </datafield>
  <datafield tag="035" ind1=" " ind2=" ">
    <subfield code="a">(Uk)006346964</subfield>
  </datafield>
  <datafield tag="040" ind1=" " ind2=" ">
    <subfield code="a">Uk</subfield>
    <subfield code="b">eng</subfield>
    <subfield code="c">Uk</subfield>
  </datafield>
  <datafield tag="100" ind1="1" ind2=" ">
    <subfield code="a">McKee, Shall</subfield>
  </datafield>
  <datafield tag="670" ind1=" " ind2=" ">
    <subfield code="a">Becoming an emotionally healthy school, 2005:</subfield>
    <subfield code="b">t.p. (Shall McKee) back cover (personal development trainer for Skills Unlimited in Wolverhampton)</subfield>
  </datafield>
</record>